@article{Wang2000,
  title={Handbook of air conditioning and refrigeration},
  author={Wang, Shan Kuo and Wang, Shan K},
  year={2000},
  publisher={McGraw-Hill New York}
}

@article{Chung2015,
	title={Comparison of building energy demand for hotels, hospitals, and offices in Korea},
	author={Chung, Mo and Park, Hwa-Choon},
	journal={Energy},
	volume={92},
	pages={383--393},
	year={2015},
	publisher={Elsevier}
}

@article{Cohen1962,
	title={Efficiency Determination of Marine Boilers: Input-Output Versus Heat-Loss Method},
	author={Cohen, L and Fritz, WA},
	journal={Journal of Engineering for Power},
	volume={84},
	number={1},
	pages={39--43},
	year={1962},
	publisher={American Society of Mechanical Engineers}
}

@article{Mrzljak2017,
	title={Dual fuel consumption and efficiency of marine steam generators for the propulsion of LNG carrier},
	author={Mrzljak, Vedran and Poljak, Igor and Medica-Viola, Vedran},
	journal={Applied Thermal Engineering},
	volume={119},
	pages={331--346},
	year={2017},
	publisher={Elsevier}
}